<?xml version="1.0" encoding="UTF-8"?><record xmlns="http://www.loc.gov/MARC21/slim" xmlns:cinclude="http://apache.org/cocoon/include/1.0" xmlns:zs="http://www.loc.gov/zing/srw/">
  <leader>00411cz  a2200133n  4500</leader>
  <controlfield tag="001">no 00039742 </controlfield>
  <controlfield tag="003">DLC</controlfield>
  <controlfield tag="005">20040217112449.0</controlfield>
  <controlfield tag="008">000606n| acannaabn          |a aaa     c</controlfield>
  <datafield tag="010" ind1=" " ind2=" ">
    <subfield code="a">no 00039742 </subfield>
  </datafield>
  <datafield tag="035" ind1=" " ind2=" ">
    <subfield code="a">(OCoLC)oca05233390</subfield>
  </datafield>
  <datafield tag="040" ind1=" " ind2=" ">
    <subfield code="a">OCl</subfield>
    <subfield code="b">eng</subfield>
    <subfield code="c">OCl</subfield>
  </datafield>
  <datafield tag="100" ind1="1" ind2=" ">
    <subfield code="a">Briongos, Ana M.,</subfield>
    <subfield code="d">1946-</subfield>
  </datafield>
  <datafield tag="670" ind1=" " ind2=" ">
    <subfield code="a">Black on black : Iran revisited, 2000:</subfield>
    <subfield code="b">t.p. (Ana M. Briongos) prelim. p. (Ana Briongos; b. 1946 in Barcelona)</subfield>
  </datafield>
</record>